% references.bib -- Add your BibTeX entries here

@article{imf2023fiscal,
    title={Fiscal Policy and Economic Recovery},
    author={{International Monetary Fund}},
    journal={IMF Working Papers},
    volume={2023},
    number={040},
    year={2023},
    publisher={International Monetary Fund},
    url={https://www.elibrary.imf.org/view/journals/001/2023/040/article-A001-en.xml},
    note={Accessed: September 16, 2025}
}
@article{shephard2023nonparametric,
    title={A Nonparametric Dynamic Causal Model for Macroeconometrics},
    author={Shephard, Neil},
    journal={Harvard University Working Papers},
    year={2023},
    url={https://scholar.harvard.edu/files/shephard/files/causal_model_submit.pdf}
}

@article{heckman2008econometric,
    title={Econometric Causality},
    author={Heckman, James J.},
    journal={National Bureau of Economic Research},
    year={2008},
    url={https://blogs.kent.ac.uk/jonw/files/2015/03/Heckman-08-Econometric-causality.pdf}
}

@misc{econmodel2023,
    title={The Econometric Model for Causal Policy Analysis},
    author={James Heckman, Rodrigo Pinto},
    year={2023},
    url={https://www.ncbi.nlm.nih.gov/pmc/articles/PMC9894266/}
}

@misc{policy2020hal,
    title={Policy Evaluation Using Causal Inference Methods},
    author={Garcia, Ines and colleagues},
    year={2020},
    url={https://hal.science/hal-03098058/document}
}

% filepath: /Users/rishad/Downloads/Thesis code/primary-thesis/Thesis-Papertexts/latex codes/references.bib
% ...existing code...

@dataset{WorldBankWDI2024,
  author    = {{World Bank}},
  title     = {World Development Indicators},
  year      = {2024},
  version   = {April 2024},
  url       = {https://databank.worldbank.org/source/world-development-indicators},
  note      = {Accessed: 2024-05-12},
}

@dataset{IMFIFS2024,
  author    = {{International Monetary Fund}},
  title     = {International Financial Statistics (IFS)},
  year      = {2024},
  url       = {https://data.imf.org/},
  note      = {Accessed: 2024-05-12},
}

@dataset{NationalStatsVAT2024,
  author    = {{National Statistics Office}},
  title     = {Historical VAT Rates Dataset},
  year      = {2024},
  url       = {https://example.gov/vat-rates},
  note      = {Accessed: 2024-05-10},
}

@dataset{HouseholdSurvey2023,
  author    = {{National Household Survey Program}},
  title     = {Household Income and Expenditure Survey (HIES)},
  year      = {2023},
  version   = {Release 2023-Q4},
  url       = {https://example.gov/hies},
  note      = {Restricted access; accessed under research agreement on 2024-02-18},
}

@dataset{FusedMacroMicro2024,
  author    = {YourSurname, FirstName},
  title     = {Fused Macroâ€“Micro Dataset for VAT Policy Evaluation},
  year      = {2024},
  howpublished = {Author-generated dataset},
  note      = {Derived from World Bank WDI, IMF IFS, VAT Rates Dataset, and HIES. Available upon request / deposited at Zenodo DOI: to-add},
}



@article{bareinboim2023fusion,
    title={Causal inference and data fusion in econometrics},
    author={Bareinboim, Elias and Pearl, Judea},
    journal={Econometrics Journal},
    year={2023},
    url={https://academic.oup.com/ectj/article-abstract/28/1/41/7075871}
}

@misc{bankofcanada2023ml,
    title={Machine Learning for Economics Research: When, What and How},
    author={{Bank of Canada}},
    year={2023},
    url={https://www.bankofcanada.ca/2023/10/staff-analytical-note-2023-16/}
}

@misc{sekhansen2023mlpolicy,
    title={Machine Learning for Economics and Policy},
    author={Sekhansen, Alexander},
    year={2023},
    url={https://sekhansen.github.io/pdf_files/funcas_chapter.pdf}
}

@misc{imf2023ai,
    title={AI and Macroeconomic Modeling: Deep Reinforcement Learning in an RBC model},
    author={{International Monetary Fund}},
    year={2023},
    url={https://www.elibrary.imf.org/view/journals/001/2023/040/article-A001-en.xml}
}
@techreport{main,
  author = {MD. Rishad Nur},
  title = {A Novel Hybrid Machine Learning Approach for VAT Policy Impact Analysis},
  institution = {Begum Rokeya University, Rangpur},
  year = {2025},
  note = {Thesis}
}

@article{heckman2008,
  author = {Heckman, James J.},
  title = {Causal Inference and Structural Econometric Modeling},
  journal = {National Bureau of Economic Research},
  year = {2008},
  url = {https://blogs.kent.ac.uk/jonw/files/2015/03/Heckman-08-Econometric-causality.pdf}
}

@article{heckman2023,
  author = {James Heckman, R. P.},
  title = {The Econometric Model for Causal Policy Analysis},
  journal = {PMC},
  year = {2023},
  url = {https://www.ncbi.nlm.nih.gov/pmc/articles/PMC9894266/}
}

@misc{bankofcanada2023,
  author = {{Bank of Canada}},
  title = {Machine Learning for Economics Research: When, What and How},
  year = {2023},
  url = {https://www.bankofcanada.ca/2023/10/staff-analytical-note-2023-16/}
}

@misc{sekhansen2023,
  author = {Sekhansen, A.},
  title = {Machine Learning for Economics and Policy},
  year = {2023},
  url = {https://sekhansen.github.io/pdf_files/funcas_chapter.pdf}
}

@article{bareinboim2023,
  author = {Bareinboim, Elias and Pearl, Judea},
  title = {Causal Inference and Econometrics},
  journal = {Econometrics Journal},
  volume = {28},
  number = {1},
  pages = {41--65},
  year = {2023},
  url = {https://academic.oup.com/ectj/article-abstract/28/1/41/7075871}
}

@techreport{garcia2020,
  author = {Garcia, Ignacio and colleagues},
  title = {Policy Evaluation Using Causal Inference Methods},
  institution = {HAL Archives Ouvertes},
  year = {2020},
  url = {https://hal.science/hal-03098058/document}
}

@misc{imf2023aii,
  author = {International Monetary Fund},
  title = {AI and Macroeconomic Modeling: Deep Reinforcement Learning in an RBC model},
  year = {2023},
  url = {https://www.elibrary.imf.org/view/journals/001/2023/040/article-A001-en.xml}
}

@misc{shephard2023dynamic,
  author = {Shephard, Neil},
  title = {Dynamic Causal Models for Time-Series Data},
  year = {2023},
  url = {https://scholar.harvard.edu/files/shephard/files/causal_model_submit.pdf}
}

@misc{fred2025,
  author = {Federal Reserve Economic Data},
  title = {FRED: Economic Data},
  year = {2025},
  url = {https://fred.stlouisfed.org/}
}

@misc{bds2025,
  author = {Business Dynamics Statistics},
  title = {BDS: Firm Dynamics Data},
  year = {2025},
  url = {https://www.census.gov/programs-surveys/bds.html}
}

@misc{ipums2025,
  author = {Integrated Public Use Microdata Series},
  title = {IPUMS Current Population Survey Microdata},
  year = {2025},
  url = {https://usa.ipums.org/usa/index.shtml}
}

@techreport{agrawal2024effects,
  title={The Effects of Adopting a Value Added Tax on Firms},
  author={Agrawal, D. R. and Zimmermann, L. V.},
  year={2024},
  institution={CESifo Working Paper},
  number={11469},
  url={https://www.econstor.eu/bitstream/10419/308365/1/cesifo1_wp11469.pdf}
}

@article{singh2019impact,
  title={Impact of Value Added Tax on Business Enterprises},
  author={Singh, S. N.},
  journal={Financial Markets, Institutions and Risks},
  volume={3},
  number={4},
  pages={62--73},
  year={2019},
  url={https://armgpublishing.com/wp-content/uploads/2020/01/6-2.pdf}
}

@article{bolarindwa2023vat,
  title={Value Added Tax and the Survival of SMEs in Lagos State},
  author={Bolarinwa, B. I.},
  year={2023},
  url={https://www.academia.edu/104772246/VALUE_ADDED_TAS_AND_THE_SURVIVAL_OF_SMALL_AND_MEDIUM_SCALE_ENTERPRISES_IN_LAGOS_STATE}
}

@article{ndlovu2024vat,
  author = {Mphagahlele O. Ndlovu, Daniel P. Schutte},
  title = {Understanding the challenges encountered by small business owners regarding value-added tax compliance},
  year = {2024},
  url = {https://sajems.org/index.php/sajems/article/view/5589/3086}
}

@article{hellwig2021predicting,
  author = {Hellwig, Christian},
  title = {Predicting Fiscal Crises: A Machine Learning Approach},
  journal = {IMF Working Paper},
  year = {2021}
}

@article{vallarino2024machine,
  author = {Vallarino, Jorge},
  title = {Machine Learning and Econometric Approaches to Fiscal Policy},
  journal = {arXiv preprint arXiv:2410.00002},
  year = {2024}
}

@misc{idb2024ai,
  author = {{Inter-American Development Bank}},
  title = {Artificial Intelligence in Fiscal Policymaking},
  howpublished = {\url{https://blogs.iadb.org/gestion-fiscal/en/ai-to-transform-macroeconomic-and-fiscal-policymaking/}},
  year = {2024}
}

@article{wager2019causal,
  author = {Wager, Stefan and Athey, Susan},
  title = {Causal Forests: Statistical Inference for Heterogeneous Treatment Effects},
  journal = {Journal of the American Statistical Association},
  year = {2019},
  volume = {113},
  number = {523},
  pages = {1228--1242}
}






@misc{sekhansen2023ml,
  author = {Sekhansen, Andreas},
  title = {Machine Learning for Economics and Policy},
  year = {2023},
  url = {https://sekhansen.github.io/pdf_files/funcas_chapter.pdf}
}
